<collection xmlns="http://www.loc.gov/MARC21/slim">
<record>
  <leader>00634dz  a2200157n  4500</leader>
  <controlfield tag="001">3863852</controlfield>
  <controlfield tag="005">20200104123124.0</controlfield>
  <controlfield tag="008">860109n| acannaab           |a ana     c</controlfield>
  <datafield tag="010" ind1=" " ind2=" ">
    <subfield code="a">n  85143163 </subfield>
  </datafield>
  <datafield tag="035" ind1=" " ind2=" ">
    <subfield code="a">(DLC)n  85143163</subfield>
  </datafield>
  <datafield tag="040" ind1=" " ind2=" ">
    <subfield code="a">InU</subfield>
    <subfield code="b">eng</subfield>
    <subfield code="c">DLC</subfield>
    <subfield code="d">DLC</subfield>
  </datafield>
  <datafield tag="110" ind1="2" ind2=" ">
    <subfield code="a">Catholic Church.</subfield>
    <subfield code="t">Officium Hebdomadae Sanctae.</subfield>
    <subfield code="l">English &amp; Latin</subfield>
  </datafield>
  <datafield tag="410" ind1="2" ind2=" ">
    <subfield code="a">Catholic Church.</subfield>
    <subfield code="t">Office of the Holy Week according to the missall and Roman breviary</subfield>
  </datafield>
  <datafield tag="667" ind1=" " ind2=" ">
    <subfield code="a">THIS 1XX FIELD CANNOT BE USED UNDER RDA UNTIL THIS RECORD HAS BEEN REVIEWED AND/OR UPDATED</subfield>
  </datafield>
  <datafield tag="670" ind1=" " ind2=" ">
    <subfield code="a">Its The office of the Holy Week according to the missall and Roman breviary, 1670.</subfield>
  </datafield>
  <datafield tag="953" ind1=" " ind2=" ">
    <subfield code="a">bz46</subfield>
  </datafield>
</record>