
<record>
  <leader>00402dz  a2200133n  4500</leader>
  <controlfield tag="001">10086219</controlfield>
  <controlfield tag="005">20200104133657.0</controlfield>
  <controlfield tag="008">160219n| azannaabn          |n aaa      </controlfield>
  <datafield tag="010" ind1=" " ind2=" ">
    <subfield code="a">n 2016008853</subfield>
  </datafield>
  <datafield tag="035" ind1=" " ind2=" ">
    <subfield code="a">(OCoLC)oca10397560</subfield>
  </datafield>
  <datafield tag="040" ind1=" " ind2=" ">
    <subfield code="a">DLC</subfield>
    <subfield code="b">eng</subfield>
    <subfield code="c">DLC</subfield>
    <subfield code="e">rda</subfield>
    <subfield code="d">NcD</subfield>
  </datafield>
  <datafield tag="100" ind1="1" ind2=" ">
    <subfield code="a">Lowenthal, Marvin M.</subfield>
  </datafield>
  <datafield tag="670" ind1=" " ind2=" ">
    <subfield code="a">Battle song zion, 1919:</subfield>
    <subfield code="b">t.p. (Marvin M. Lowenthal)</subfield>
  </datafield>
  <datafield tag="667" ind1=" " ind2=" ">
    <subfield code="a">Reported for deletion in favor of n  90603959 .</subfield>
  </datafield>
</record>