
<record>
  <leader>00404dz  a2200133n  4500</leader>
  <controlfield tag="001">11011309</controlfield>
  <controlfield tag="005">20200104204322.0</controlfield>
  <controlfield tag="008">190325n| azannaabn          |n aaa      </controlfield>
  <datafield tag="010" ind1=" " ind2=" ">
    <subfield code="a">n 2019015664</subfield>
  </datafield>
  <datafield tag="040" ind1=" " ind2=" ">
    <subfield code="a">DLC</subfield>
    <subfield code="b">eng</subfield>
    <subfield code="e">rda</subfield>
    <subfield code="c">DLC</subfield>
  </datafield>
  <datafield tag="046" ind1=" " ind2=" ">
    <subfield code="f">1953</subfield>
    <subfield code="2">edtf</subfield>
  </datafield>
  <datafield tag="100" ind1="1" ind2=" ">
    <subfield code="a">Fischer, Thomas,</subfield>
    <subfield code="d">1953-</subfield>
  </datafield>
  <datafield tag="372" ind1=" " ind2=" ">
    <subfield code="a">Law</subfield>
    <subfield code="2">lcsh</subfield>
  </datafield>
  <datafield tag="670" ind1=" " ind2=" ">
    <subfield code="a">Festschrift für Thomas Fischer, 2018:</subfield>
    <subfield code="b">t.p. (Thomas Fischer) preface (65th birthday April 29, 2018)</subfield>
  </datafield>
</record>